@online
{wingate,
author = "Liu, Zhaofeng and Meinel, Stefan and Hart, Alistair and Horgan, Ron R.
and MÃ¼ller, Eike H. and Wingate, Matthew",
title = "A lattice calculation of
$\symup
{B} \to \symup
{K}^{(*)}$ form factors",
date = "2011-01-14",
eprinttype = "arXiv",
eprint = "1101.2726v1",
eprintclass = "hep-ph",
}

@book
{ParticlePhysics,
author = "C. Patrignani et al. (Particle Data Group)  ",
publisher = "Chin. Phys. C",
title = "2017 Review of Particle Physics",
date = "2017-01-15",
url = "http://pdg.lbl.gov/2017/tables/contents_tables.html",
}

@online
{V64,
author = "Teachspin",
publisher = "Teachspin",
title = "Interferometrie",
date = "2018-05-02",
url = "http://129.217.224.2/HOMEPAGE/PHYSIKER/BACHELOR/FP/SKRIPT/Interferometrie.pdf",
}

@online
{nist,
author = "A. Stone, Jack and H. Zimmerman, Jay",
publisher = " National Institute of Standards and Technology (NIST)",
title = "Refractive Index of Air Calculator",
date = "2018-05-09",
url = "https://emtoolbox.nist.gov/wavelength/Edlen.asp",
}
