@online
{wingate,
author = "Liu, Zhaofeng and Meinel, Stefan and Hart, Alistair and Horgan, Ron R.
and Müller, Eike H. and Wingate, Matthew",
title = "A lattice calculation of
$\symup
{B} \to \symup
{K}^{(*)}$ form factors",
date = "2011-01-14",
eprinttype = "arXiv",
eprint = "1101.2726v1",
eprintclass = "hep-ph",
}

@book
{ParticlePhysics,
author = "C. Patrignani et al. (Particle Data Group)  ",
publisher = "Chin. Phys. C",
title = "2017 Review of Particle Physics",
date = "2017-01-15",
urldate = {2018-05-02},
url = "http://pdg.lbl.gov/2017/tables/contents_tables.html",
}

@online
{V64,
author = "Teachspin",
publisher = "Teachspin",
title = "Interferometrie",
urldate = {2018-05-02},
url = "http://129.217.224.2/HOMEPAGE/PHYSIKER/BACHELOR/FP/SKRIPT/Interferometrie.pdf",
}

@book
{V61,
publisher = "TU Dortmund",
title = "V61 Der HeNe-Laser",
urldate = {2018-05-29},
url = "http://129.217.224.2/HOMEPAGE/PHYSIKER/BACHELOR/FP/SKRIPT/V61.pdf",
}

@online
{VHeNeGoettingen,
author = "Georg-August-Universität Göttingen",
publisher = "Georg-August-Universität Göttingen",
title = "Der Helium-Neon-Laser",
urldate = {2018-05-30},
url = "https://lp.uni-goettingen.de/get/text/1804",
}

@book
{nist,
author = "A. Stone, Jack and H. Zimmerman, Jay",
publisher = "National Institute of Standards and Technology (NIST)",
title = "Refractive Index of Air Calculator",
urldate = {2018-05-09},
url = "https://emtoolbox.nist.gov/wavelength/Edlen.asp",
}

@book
{nKron,
publisher = "Opticiansfriend.com",
title = "Lenses and Lens Options",
urldate = {2018-05-15},
url = "http://www.opticiansfriend.com/lenses.html",
}

@book
{Eu152,
publisher = "Opticiansfriend.com",
title = "Lenses and Lens Options",
urldate = {2018-06-13},
url = "http://www.nndc.bnl.gov/chart/decaysearchdirect.jsp?nuc=152EU&unc=nds",
}
