@online
{wingate,
author = "Liu, Zhaofeng and Meinel, Stefan and Hart, Alistair and Horgan, Ron R.
and MÃ¼ller, Eike H. and Wingate, Matthew",
title = "A lattice calculation of
$\symup
{B} \to \symup
{K}^{(*)}$ form factors",
date = "2011-01-14",
eprinttype = "arXiv",
eprint = "1101.2726v1",
eprintclass = "hep-ph",
}